Encoding: UTF-8
@book{biom,
	title = {Ingeniería biomédica. Imágenes médicas.},
	publisher = {Ediciones de la Universidad de Castilla-La Mancha},
	year = {2006},
	author = {P. A. Carrión and J. Ródenas and J. J. Rieta}
}

@article{TCFundamentos,
  author = {J. C. Ramírez Giraldo and C. Arboleda Clavijo and C. McCollough},
  title =  {Tomografia computarizada por rayos X; fundamentos y actualidad},
  journal = {Ingeniería Biomédica},
  volume = {2},
  number = {4},
  pages = {13},
  year = {2008}
}

@article{cad,
  author = {K. Doi},
  title =  {Computer-aided diagnosis in medical imaging: Historical review, current status and future potential},
  journal = {Computerized Medical Imaging and Graphics},
  volume = {31},
  number = {4},
  pages = {198},
  year = {2007}
}

@Book{meto, 
	title = {Software Engineering}, 
	publisher = {Pearson}, 
	year = {2006}, 
	author = {I. Sommerville} 
}

@manual{DICOMNEMA,
  organization =  {NEMA},
  address = {http://dicom.nema.org/medical/dicom/current/output/pdf/part01.pdf},
  edition = {DICOM PS3.1 2016e}, 
  year = {2016}
}

@book{dicl,
  title={Digital Imaging and Communications in Medicine (DICOM): A Practical Introduction and Survival Guide},
  author={O.S. Pianykh},
  year={2009},
  publisher={Springer Berlin Heidelberg}
}


@Book{essen,
  title     = {The essential physics of medical imaging.},
  publisher = {Lippincott Williams \& Wilkins},
  year      = {2002},
  author    = {J. Bushberg}
}

@article{metodos,
  author = {D. L. Phalm and C. Xu and J. L. Prince},
  title =  {Current Methods in Medical Image Segmentation},
  journal = {Annual Review of Biomedical Engeneering},
  volume = {2},
  pages = {315},
  year = {2000}
}

@Book{imag,
  title     = {Digital Image Processing.},
  publisher = {Pearson},
  year      = {2008},
  author    = {R. C. Gónzalez and R. E. Woods}
}

@online{guia,
  author = {Block Imaging},
  title = {CT Scanner Price Guide},
  year = {2014},
  url = {https://info.blockimaging.com/bid/84432/ct-scanner-price-guide},
  urldate = {2017-03-20}
}

@online{guiad,
  author = {Medwow},
  title = {Scanner CT - Toshiba -  Aquilion 32},
  year = {2013},
  url = {http://es.medwow.com/used-ct-scanner/toshiba/aquilion-32/716334511.item},
  urldate = {2014-01-09}
}

@online{occi,
  author = {I Do Imaging},
  title = {Occiput.io},
  year = {2017},
  url = {https://idoimaging.com/programs/332}
}

@online{nifty,
  author = {I Do Imaging},
  title = {NiftyRec},
  year = {2017},
  url = {https://idoimaging.com/programs/331}
}

@online{osirix,
  author = {OsiriX Viewer},
  title = {OsiriX HD User Manual},
  year = {2014},
  url = {http://www.osirix-viewer.com/Manual/}
}

@online{3dim,
  author = {3Dim Laboratory},
  title = {3DimViewer (for Windows and Mac OS X)},
  year = {2017},
  url = {http://www.3dim-laboratory.cz/en/software/3dimviewer},
  urldate = {2017-01-12}
}

@online{ims,
  author = {PerkinELmer},
  title = {Image Analysis Software},
  year = 2016,
  url = {http://www.perkinelmer.com/category/image-analysis-software},
  urldate = {2016-08-20}
}



@online{tridi,
  author = {Able Software Corp},
  title = {3D-Doctor},
  year = 2016,
  url = {http://www.ablesw.com/3d-doctor/index.html},
  urldate = {2016-08-20}
}

@MastersThesis{edgardo,
    author     =     {E. Franco Martínez},
    title     =     {{Análisis digital de imágenes tomográficas sin contraste para la busqueda de tumores cerebrales}},
    school     =     {Centro de Investigación y de Estudios Avanzados del Instituto Politénico Nacional},
    year     =     {2011}
}

@techreport{titi,
	author = {H. Flores Mondragón and K. Pérez Hernández},
	title = {Reconstrucción tridimensional de estructuras internas del cuerpo humano a partir de tomografías axiales computarizadas},
	institution = {Escuela Superior de Cómputo - Instituto Politécnico Nacional},
	year = {2012},
	address = {México}
}

@book{modim,
  title     = {Medical imaging: Techniques, reflection and evaluation.},
  publisher = {Churchill Livingstone},
  year      = {2012},
  author    = {E.Carver and B. Carver},
}

@online{prewo,
  author = {THEGRUTECHNOLOGYMX},
  title = {Windows 8.1 Pro Licencia Original},
  year = {2017},
  url = {https://goo.gl/dDv5gd},
  urldate = {2017-04-10}
}


@online{prewd,
  author = {Microsoft},
  title = {Windows 10 Home},
  year = {2017},
  url = {https://goo.gl/aueHx0},
  urldate = {2017-04-10}
}

@online{obse,
  author = {Observatorio Laboral},
  title = {Promedio de ingresos de los profesionistas},
  year = {2016},
  url = {https://goo.gl/E0dm9j},
  urldate = {2017-04-10}
}

@online{conas,
  author = {Comisión Nacional de Salarios Mínimos},
  title = {Salarios Mínimos},
  year = {2017},
  url = {https://goo.gl/nMh4pI},
  urldate = {2017-04-10}
}

@book{prote,
	author = {C. E. Misch},
	title = {Prótesis Dental Sobre Implantes},
	publisher = {Elsevier},
	year = {2007}
}

@book{tcraneo,
	author = {J. Jiménez},
	title = {Fundamentos Morfológicos de la Tomografía Axial Computarizada Craneo - Encefálica},
	publisher = {Universidad de Sevilla},
	year = {1981}
}

@book{tacuro,
	author = {D. N. C. Pereira},
	title = {Tomografía Axial Computada},
	publisher = {Universidad de la República Oriental del Uruguay},
	year = {2004}
}

@book{dicdie,
	author = {O. S. Pianykh},
	title = {Digital imaging and communication in medicine(DICOM) a pratical introduction and survival guide},
	publisher = {Springer Science and Bussines Media},
	year = {2009}
}


@book{hounsuno,
	author = {C. E. Misch},
	title = {Implantología contemporánea},
	publisher = {Elsevier},
	year = {2009}
}


@book{hounsdos,
	author = {M. Hofer},
	title = {Manual práctico de TC},
	publisher = {Médica Panamericana},
	year = {2005}
}

@article{umbral,
  author = {P. K. Sahoo and S. Soltan and A. K. C. Wong},
  title =  {A survey of thresholding tecniques},
  journal = {Computer vision, graphics, and imaging processing},
  volume = {41},
  pages = {223},
  year = {1988}
}

@article{split,
  author = {I. N. Manousakas and P. E. Undrill and G. G. Cameron and T. W. Redpath},
  title =  {Split-and-Merge Segmentation of Magnetic Resonance Medical Images: Performance Evaluation and Extension to Three Dimensions},
  journal = {Computer and biomedical research},
  volume = {31},
  pages = {393},
  year = {1998}
}


@misc{em,
  author = {S.Tatiraju and A. Mehta},
  title =  {Image Segmentation using k-means clustering, EM and Normalized Cuts}
}

@article{kmed,
  author = {N. Dhanachandra and K. Manglem and Y. J. Chanu},
  title =  {Image Segmentation usin K-means Clustering Algorithm and Substractive Clustering Algorithm},
  journal = {Procedia Computer Science},
  volume = {54},
  pages = {764},
  year = {2015}
}

@book{so,
	author = {A. S. Tanenbaum},
	title = {Sistemas operativos Modernos},
	publisher = {Pearson},
	year = {2009}
}

@book{mac,
	author = {J. Levin},
	title = {Mac OS X and iOS internals: To the Apple's Core},
	publisher = {Wrox},
	year = {2012}
}

@book{java,
	author = {B. Eckel},
	title = {Piensa en Java},
	publisher = {Prentice Hall},
	year = {2007}
}

@book{cplus,
	author = {H. M. Deitel and P. J. Deitel},
	title = {Cómo programar en C/C++ y Java},
	publisher = {Pearson},
	year = {2004}
}

@book{vibora,
	author = {A. B. Downey},
	title = {Think Python: How to think like a computer scientist},
	publisher = {O'Reilly},
	year = {2016}
}

@online{pydi,
  author = {PYDICOM},
  title = {PYDICOM Documentation},
  year = {2012},
  url = {http://pydicom.readthedocs.io/en/stable},
  urldate = {2017-04-11}
}


@online{dcm,
  author = {dcm4che.org},
  title = {dcm4che.org Wiki},
  url = {http://dcm4che.atlassian.net/wiki/display/proj/dcm4che.org+Wiki},
  urldate = {2017-04-11}
}

@book{isRF,
	author = {I. Sommerville},
	title = {Ingenería de software},
	publisher = {Pearson},
	year = {2011}
}

@Book{win8,
  title     = {Windows 8.1 Inside Out},
  publisher = {Microsft Press},
  year      = {2015},
  author    = {T. Northrup}
}

@online{win10,
  author = {Microsoft},
  title = {Características disponibles solo en Windows 10},
  year = {2017},
  url = {https://www.microsoft.com/es-mx/windows/features},
  urldate = {2017-04-12}
}

@Book{elemen,
  title     = {Introducing Linux Distros},
  publisher = {Apress},
  year      = {2016},
  author    = {J. D. Castro}
}

@Book{ubun,
  title     = {Ubuntu Unleashed 2015 Edition: Covering 14.10 and 15.04},
  publisher = {Apress},
  year      = {2016},
  author    = {J. D. Castro}
}

@online{subli,
  author = {Sublime HQ},
  title = {Sublime Text},
  year = {2017},
  url = {https://www.sublimetext.com/},
  urldate = {2017-04-10}
}

@article{pert,
  author = {Dr. Xavier M. Triadó},
  title =  {El PERT: un método eficaz para la planificación de actividades},
  journal = {UNIVERSITAT DE BARCELONA},
  volume = {1},
  pages = {2-5},
  year = {2012}
}

@online{texm,
  author = {Pascal Brachet},
  title = {Texmaker: The universal Latex editor},
  year = {2015},
  url = {http://www.xm1math.net/texmaker/},
  urldate = {2017-04-10}
}

@online{gimp,
  author = {GIMP Team},
  title = {GNU Image Manipulation Program},
  url = {https://www.gimp.org/},
  urldate = {2017-04-10}
}

@online{star,
  author = {MKLab},
  title = {StarUML},
  year = {2016},
  url = {http://staruml.io/},
  urldate = {2017-04-10}
}

@online{preubu,
  author = {Ubuntu},
  title = {Ubuntu},
  year = {2017},
  url = {https://www.ubuntu.com/download},
  urldate = {2017-04-10}
}

@online{preele,
  author = {elementary},
  title = {elementary},
  year = {2017},
  url = {https://elementary.io/es/},
  urldate = {2017-04-10}
}


